@book{104NT,
    title = {104 Number Theory Problems},
    author = {Titu Andreescu and Dorin Andrica and Zuming Feng},
    year = {2006},
    publisher = {Birkhauser Boston},
}

@online{BCXRUSSIAN,
  author = {Evan Chen},
  title = {Russian Combinatorics},
}

@online{BNWORDERS,
  author = {Evan Chen},
  title = {Orders and Exponents},
}

@online{AlgoritmosDiego,
  author={Diego Villareal},
  title={Problemas de Algoritmos},
}
